<?xml version="1.0" encoding="UTF-8"?><record xmlns="http://www.loc.gov/MARC21/slim" xmlns:cinclude="http://apache.org/cocoon/include/1.0" xmlns:zs="http://www.loc.gov/zing/srw/">
  <leader>00857cz  a2200181n  4500</leader>
  <controlfield tag="001">nr 90016009 </controlfield>
  <controlfield tag="003">DLC</controlfield>
  <controlfield tag="005">20000712064512.0</controlfield>
  <controlfield tag="008">900829n| acannaabn          |a aaa     c</controlfield>
  <datafield tag="010" ind1=" " ind2=" ">
    <subfield code="a">nr 90016009 </subfield>
  </datafield>
  <datafield tag="035" ind1=" " ind2=" ">
    <subfield code="a">(OCoLC)oca02808568</subfield>
  </datafield>
  <datafield tag="040" ind1=" " ind2=" ">
    <subfield code="a">NjP</subfield>
    <subfield code="b">eng</subfield>
    <subfield code="c">NjP</subfield>
    <subfield code="d">OCoLC</subfield>
  </datafield>
  <datafield tag="100" ind1="1" ind2=" ">
    <subfield code="a">Rebolledo, Bernardino de,</subfield>
    <subfield code="d">1597-1676</subfield>
  </datafield>
  <datafield tag="400" ind1="1" ind2=" ">
    <subfield code="a">Rebolledo y Villamizar, Bernardino de,</subfield>
    <subfield code="d">1597-1676</subfield>
  </datafield>
  <datafield tag="400" ind1="1" ind2=" ">
    <subfield code="a">Villamizar, Bernardino de Rebolledo y,</subfield>
    <subfield code="d">1597-1676</subfield>
  </datafield>
  <datafield tag="670" ind1=" " ind2=" ">
    <subfield code="a">González Cañal, R. La obra dramática del conde de Rebolledo, 1988:</subfield>
    <subfield code="b">p. 7, etc. (D. Bernardino de Rebolledo y Villamizar; b. 1597, d. 1676)</subfield>
  </datafield>
  <datafield tag="670" ind1=" " ind2=" ">
    <subfield code="a">Encic. univ. ilus.</subfield>
    <subfield code="b">(Rebolledo, Bernardino de; Sp. general, diplomat, author, b. 1697, d. 3-27-1676; was señor de Irián and called himself conde de Rebolledo)</subfield>
  </datafield>
  <datafield tag="670" ind1=" " ind2=" ">
    <subfield code="a">Dic. de lit. esp., 4th ed.</subfield>
    <subfield code="b">(Rebolledo, Bernardino de, 1597-1676)</subfield>
  </datafield>
</record>